@article{lower-bounds-abc-hits,
  title = {{Lower bounds for numbers of ABC-hits}},
  journal = "Journal of Number Theory",
  volume = "128",
  number = "6",
  pages = "1864--1873",
  year = "2008",
  note = "",
  issn = "0022-314X",
  doi = "10.1016/j.jnt.2007.06.009",
  url = "http://www.sciencedirect.com/science/article/pii/S0022314X07001801",
  author = "Sander R. Dahmen",
  keywords = "ABC conjecture",
  keywords = "ABC-hits"
}
