@book{atiyah-macdonald,
  title = {Introduction to commutative algebra},
  author = {Atiyah, M.F. and Macdonald, I.G.},
  isbn = {9780201407518},
  series={Addison-Wesley series in mathematics},
  year = {1994},
  publisher = {Westview Press},
}
@book{quadratic-forms,
  title = {Quadratic forms and their applications: proceedings of the Conference on Quadratic Forms and Their Applications, July 5--9, 1999, University College Dublin},
  author = {Bayer-Fluckiger, E. and Lewis, D. and Ranicki, A.},
  isbn = {9780821827796},
  series = {Contemporary mathematics --- American Mathematical Society},
  year = {2000},
  publisher = {American Mathematical Society}
}
@book{witt-collected,
  title = {Ernst Witt: collected papers},
  author = {Witt, E. and Kersten, I. and Harder, G.},
  isbn = {9783540570615},
  year = {1998},
  publisher = {Springer}
}
@article{cartier,
  title = {Groupes formels associ\'es aux anneaux de Witt g\'en\'eralis\'es},
  author = {Pierre Cartier},
  year = {1967},
  journal = {C.R. Acad. Sc. Paris},
  pages = {49--52},
}
