@article{the-burnside-ring,
  title = {The Burnside ring of the infinite cyclic group and its relations to the necklace algebra, $\lambda$-rings, and the universal ring of Witt vectors},
  author = {A. Dress, C. Siebeneicher},
  year = {1989},
  journal = {Adv. Math.},
  volume = {70},
  pages = {87--132},
}
