@book{algebraic-geometry,
  title = {Algebraic geometry},
  author = {Robin Hartshorne},
  isbn = {9780387902449},
  series = {Graduate texts in mathematics},
  year = {1977},
  publisher = {Springer-Verlag},
}
@book{arithmetic-of-elliptic-curves,
  title = {The arithmetic of elliptic curves},
  author = {Joseph Silverman},
  isbn = {9780387094939},
  series = {Graduate texts in mathematics},
  year = {2009},
  publisher = {Springer}
} 
