@article{mapping-fun,
  title = {Mapping $\mathbb{F}_1$-land: An overview of geometries over the field with one element},
  url = {http://arxiv.org/abs/0909.0069},
  journal = {arXiv},
  author = {Pe\~{n}a, Javier L\'opez and Lorscheid, Oliver},
  year = 2009,
  pages = {21},
}

@unpublished{kapranov-smirnov,
  title = {Cohomology determinants and reciprocity laws: Number field case},
  author = {Mikhail Kapranov and Alexander Smirnov},
  pages = {15},
}

@book{geometry-of-schemes,
  title = {The geometry of schemes},
  author = {David Eisenbud and Joe Harris},
  isbn = {9780387986371},
  lccn = {99036219},
  series = {Graduate texts in mathematics},
  year = {2000},
  publisher = {Springer},
}

@misc{foag,
  title = {Foundations of Algebraic Geometry},
  author = {Ravi Vakil},
  year = {2011},
}

@book{red-book,
  title = {The Red Book of Varieties and Schemes: Includes the Michigan Lectures (1974) on Curves and Their Jacobians},
  author = {David Mumford},
  isbn = {9783540632931},
  lccn = {97036240},
  year = {1999},
  publisher = {Springer}
}

@book{hartshorne,
  title = {Algebraic geometry},
  author = {Robin Hartshorne},
  isbn = {9780387902449},
  lccn = {lc77001177},
  series = {Graduate texts in mathematics},
  year = {1977},
  publisher = {Springer-Verlag},
}
