@article{chebotarev-and-his-density-theorem,
  author = {Hendrik Willem Lenstra and Peter Stevenhagen},
  title = {Chebotar\"ev and his Density Theorem},
  volume = {18},
  number = {2},
  journal={Mathematical Reviews},
  year = {1996},
  pages={26--37},
}
