@misc{lenstra-closure,
  title = {On the algebraic closure of two},
  author = {Hendrik Willem Lenstra},
  year = {1977},
  month = {1},
}
