@article{lambda-rings-and-the-field-with-one-element,
  author = {James Borger},
  title = {$\Lambda$-rings and the field with one element},
  year = 2009,
  url = {http://arxiv.org/abs/0906.3146},
}
@article{the-notion-of-dimension-in-geometry-and-algebra,
  author = {Yuri I. Manin},
  title = {The notion of dimension in geometry and algebra},
  year = 2005,
  url = {http://arxiv.org/abs/math/0502016},
}
@article{sur-les-analogues-algebriques-des-groupes-semi-simples-complexes,
  author = {Jacques Tits},
  title = {Sur les analogues alg\'briques des groupes semi-simples complexes},
  year = 1957,
  journal = {Colloque d'alg\`ebre sup\'erieure, tenu \`a Bruxelles du 19 au 22 d\'ecembre 1956},
  pages = {216--289},
}
@article{hurwitz-inequalities-for-number-fields,
  author = {A. L. Smirnov},
  title = {Hurwitz inequalities for number fields},
  year = 1993,
  journal = {St.\ Petersburg Math.\ J.},
  volume = {4},
  issue = {2},
  pages = {357--375},
  origlanguage = {russian},
}
@unpublished{letters-to-manin,
  author = {A. L. Smirnov},
  title = {Letters to Yuri Manin of September 29 and November 29},
  year = 2003,
}
@article{les-varietes-sur-le-corps-a-un-element,
  title = {Les vari\'et\'es sur le corps \`a un \'el\'ement},
  author = {Christophe Soul\'e},
  language = {french},
  year = {2003},
  url = {http://arxiv.org/abs/math/0304444},
}
@article{three-dimensional-hyperbolic-geometry,
  author = {Yuri Manin},
  title = "{Three-dimensional hyperbolic geometry as $\infty$-adic Arakelov geometry}",
  journal = {Inventiones Mathematicae},
  year = 1991,
  volume = 104,
  pages = {223-+},
  doi = {10.1007/BF01245074},
}
@unpublished{cohomology-determinants-and-reciprocity-laws,
  title = {Cohomology determinants and reciprocity laws: number field case},
  author = {Mikhael Kapranov and Alexandr Smirnov},
}
@article{lectures-on-zeta-functions-and-motives,
  title = {Lectures on zeta functions and motives (according to Deninger and Kurokawa)},
  author = {Yuri Manin},
  year = {1995},
  journal = {Ast\'erisque},
  volume = {4},
  pages = {121--163},
}
@article{on-the-riemann-hypothesis-in-function-fields,
  author = {Andr\'e Weil},
  title = {On the Riemann hypothesis in function-fields},
  year = {1941},
  journal = {Proc.\ Nat.\ Acad.\ Sci.\  U.S.A.},
  volume = {27},
  pages = {345--347},
}
