@book{introduction-to-cyclotomic-fields,
  title = {Introduction to cyclotomic fields},
  author = {Washington, L.C.},
  isbn = {9780387947624},
  series = {Graduate texts in mathematics},
  year = {1997},
  publisher = {Springer},
}
